@article{redunElim,
  title={{Redundancy elimination within large collections of files}},
  author={Douglis, PKF and LaVoie, J. and Tracey, JM},
  journal={Usenix Annual Technical Conference},
  pages={59--72},
  year={2004}
}

@article{simFilesDocRep,
  title={{Finding similar files in large document repositories}},
  author={Forman, G. and Eshghi, K. and Chiocchetti, S.},
  journal={Conference on Knowledge Discovery in Data},
  pages={394--400},
  year={2005},
  publisher={ACM Press New York, NY, USA}
}

@article{policroniades2004adr,
  title={{Alternatives for detecting redundancy in storage systems data}},
  author={Policroniades, C. and Pratt, I.},
  journal={Proceedings of the USENIX Annual Technical Conference 2004 on USENIX Annual Technical Conference table of contents},
  pages={6--6},
  year={2004},
  publisher={USENIX Association Berkeley, CA, USA}
}

@article{eshghi2007jsp,
  title={{Jumbo Store: Providing Efficient Incremental Upload and Versioning for a Utility Rendering Service}},
  author={Eshghi, K. and Lillibridge, M. and Wilcock, L. and Belrose, G. and Hawkes, R.},
  journal={Proceedings of the 5th conference on USENIX Conference on File and Storage Technologies-Volume 5 table of contents},
  pages={22--22},
  year={2007},
  publisher={USENIX Association Berkeley, CA, USA}
}

@article{henson:guc,
  title={{Guidelines for Using Compare-by-hash}},
  author={Henson, V. and IBM, I. and Henderson, R.}
}

@article{broder1997rac,
  title={{On the resemblance and containment of documents}},
  author={Broder, A.},
  journal={Proceedings of the Compression and Complexity of Sequences},
  pages={21},
  year={1997}
}

@article{bernstein,
  title={{A scalable system for identifying co-derivative documents}},
  author={BERNSTEIN, Y. and ZOBEL, J.},
  journal={Lecture notes in computer science},
  pages={55--67},
  publisher={Springer}
}

@article{yamamoto2005msl,
  title={{Measuring Similarity of Large Software Systems Based on Source Code Correspondence}},
  author={Yamamoto, T. and Matsusita, M. and Kamiya, T. and Inoue, K.},
  journal={Proceedings of the 6th International Conference on Product Focused Software Process Improvement (PROFESÕ05)},
  year={2005},
  publisher={Springer}
}

@inproceedings{301480,
 author = {John R. Douceur and William J. Bolosky},
 title = {A large-scale study of file-system contents},
 booktitle = {SIGMETRICS '99: Proceedings of the 1999 ACM SIGMETRICS international conference on Measurement and modeling of computer systems},
 year = {1999},
 isbn = {1-58113-083-X},
 pages = {59--70},
 location = {Atlanta, Georgia, United States},
 doi = {http://doi.acm.org/10.1145/301453.301480},
 publisher = {ACM},
 address = {New York, NY, USA},
 }
 
 @article{heintze1996sdf,
  title={{Scalable document fingerprinting}},
  author={Heintze, N.},
  journal={1996 USENIX Workshop on Electronic Commerce},
  pages={191--200},
  year={1996}
}

@article{hoad2003miv,
  title={{Methods for identifying versioned and plagiarized documents}},
  author={Hoad, T.C. and Zobel, J.},
  journal={Journal of the American Society for Information Science and Technology},
  volume={54},
  number={3},
  pages={203--215},
  year={2003}
}

@article{manber,
  title={{Finding similar files in a large file system}},
  author={Manber, U.},
  journal={Proceedings of the USENIX Winter 1994 Technical Conference on USENIX Winter 1994 Technical Conference table of contents},
  pages={2--2},
  year={1994},
  publisher={USENIX Association Berkeley, CA, USA}
}

@misc{ welsh99querying,
  author = "M. Welsh and N. Borisov and J. Hill and R. von Behren and A. Woo",
  title = "Querying large collections of music for similarity",
  text = "Matt Welsh, Nikita Borisov, Jason Hill, Rob von Behren, and Alec Woo. Querying
    large collections of music for similarity. Technical Report UCB/CSD00 -1096,
    U.C. Berkeley Computer Science Division, November 1999.",
  year = "1999",
  url = "citeseer.ist.psu.edu/welsh99querying.html" }